<record><leader>00000cas a22000007a 4500</leader><controlfield tag="001">15300919</controlfield><controlfield tag="008">870311d18471857inuwr ne      0    0eng d</controlfield><datafield ind1=" " ind2=" " tag="010"><subfield code="a">sn 87055451 </subfield></datafield><datafield ind1=" " ind2=" " tag="040"><subfield code="a">NPI</subfield><subfield code="b">eng</subfield><subfield code="c">NPI</subfield><subfield code="d">OCLCQ</subfield><subfield code="d">IUL</subfield><subfield code="d">OCLCF</subfield></datafield><datafield ind1=" " ind2=" " tag="042"><subfield code="a">msc</subfield></datafield><datafield ind1=" " ind2=" " tag="043"><subfield code="a">n-us-in</subfield></datafield><datafield ind1="0" ind2="0" tag="245"><subfield code="a">Wabash weekly gazette.</subfield></datafield><datafield ind1="3" ind2="0" tag="246"><subfield code="a">Wabash gazette</subfield></datafield><datafield ind1=" " ind2=" " tag="260"><subfield code="a">Wabash, Ind. :</subfield><subfield code="b">Gordon &amp; Co.,</subfield><subfield code="c">1847-</subfield></datafield><datafield ind1=" " ind2=" " tag="300"><subfield code="a">volumes</subfield></datafield><datafield ind1=" " ind2=" " tag="310"><subfield code="a">Weekly</subfield></datafield><datafield ind1="0" ind2=" " tag="362"><subfield code="a">Vol. 1, no. 1 (Oct. 29, 1847)-</subfield></datafield><datafield ind1="1" ind2=" " tag="362"><subfield code="a">Ceased in 1857.</subfield></datafield><datafield ind1=" " ind2=" " tag="500"><subfield code="a">"Weekly" in large letters above title ornament, Apr. 25, 1848-&lt;Aug. 1, 1849&gt;.</subfield></datafield><datafield ind1=" " ind2=" " tag="500"><subfield code="a">Suspended due to fire with Aug. 1, 1849 issue; resumed with Oct. 10, 1849 issue.</subfield></datafield><datafield ind1=" " ind2="0" tag="651"><subfield code="a">Wabash (Ind.)</subfield><subfield code="v">Newspapers.</subfield></datafield><datafield ind1=" " ind2="0" tag="651"><subfield code="a">Wabash County (Ind.)</subfield><subfield code="v">Newspapers.</subfield></datafield><datafield ind1=" " ind2="7" tag="655"><subfield code="a">Newspapers.</subfield><subfield code="2">fast</subfield><subfield code="0">(OCoLC)fst01423814</subfield></datafield><datafield ind1=" " ind2="7" tag="651"><subfield code="a">Indiana</subfield><subfield code="z">Wabash.</subfield><subfield code="2">fast</subfield><subfield code="0">(OCoLC)fst01218139</subfield></datafield><datafield ind1=" " ind2="7" tag="651"><subfield code="a">Indiana</subfield><subfield code="z">Wabash County.</subfield><subfield code="2">fast</subfield><subfield code="0">(OCoLC)fst01218140</subfield></datafield><datafield ind1=" " ind2=" " tag="752"><subfield code="a">United States</subfield><subfield code="b">Indiana</subfield><subfield code="c">Wabash</subfield><subfield code="d">Wabash.</subfield></datafield><datafield ind1="0" ind2="0" tag="780"><subfield code="t">Upper Wabash argus</subfield><subfield code="w">(DLC)sn 87055450</subfield><subfield code="w">(OCoLC)15299178</subfield></datafield><datafield ind1="0" ind2="0" tag="785"><subfield code="t">Wabash gazette (Wabash, Ind.)</subfield><subfield code="w">(DLC)sn 87055452</subfield><subfield code="w">(OCoLC)15301849</subfield></datafield></record>